@Misc{usage,
	title = {ARD/ZDF-Onlinestudie 2016: 84 Prozent der Deutschen sind online – mobile Geräte sowie Audios und Videos mit steigender Nutzung},
	url = {http://www.ard-zdf-onlinestudie.de/},
	note = {Eingesehen am 12.11.16}
}

@book{gamma2011patterns,
  title={Entwurfsmuster: Elemente wiederverwendbarer objektorientierter Software},
  author={Gamma, E. and Johnson, R. and Helm, R. and Vlissides, J.},
  series={Programmer's choice},
  year={2011},
  publisher={Pearson Deutschland}
}