@Misc{usage,
	title = {ARD/ZDF-Onlinestudie 2016: 84 Prozent der Deutschen sind online ? mobile Ger\"ate sowie Audios und Videos mit steigender Nutzung},
	url = {http://www.ard-zdf-onlinestudie.de/},
	note = {Eingesehen am 12.11.16}
}

@Misc{prognose,
	title = {Website (internetdo.com). Prognose zur Anzahl der Smartphone-Nutzer weltweit von 2012 bis 2020 (in Milliarden).},
	url = {https://de.statista.com/statistik/daten/studie/309656/umfrage/prognose-zur-anzahl-der-smartphone-nutzer-weltweit/},
	note = {Eingesehen am 12.11.16}
}

@Misc{play_store,
	title = {AppBrain. Anzahl der verf\"ugbaren Apps im Google Play Store in ausgew\"ahlten Monaten von Dezember 2009 bis Oktober 2016 (in 1.000).},
	url = {https://de.statista.com/statistik/daten/studie/74368/umfrage/anzahl-der-verfuegbaren-apps-im-google-play-store/},
	note = {Eingesehen am 12.11.16}
}

@Misc{app_store,
	title = {TechCrunch. (n.d.). Anzahl der im Apple App Store verf\"ugbaren Apps von Juli 2008 bis Juni 2016. In Statista - Das Statistik-Portal.},
	url = {https://de.statista.com/statistik/daten/studie/20150/umfrage/anzahl-der-im-app-store-verfuegbaren-applikationen-fuer-das-apple-iphone/},
	note = {Eingesehen am 12.11.16}
}

@Misc{os,
	title = {Androiden dominieren den Smartphone-Markt},
	url = {https://de.statista.com/infografik/902/weltweiter-marktanteil-der-smartphone-betriebssysteme/},
	note = {Eingesehen am 12.11.16}
}

@Misc{generators,
	title = {Crud Admin Generator},
	url = {http://crud-admin-generator.com/},
	note = {eingesehen am 17.11.16}
}

@Misc{rest_fielding,
	title = {Architectural Styles and
	the Design of Network-based Software Architectures, Chapter 5},
	url = {http://www.ics.uci.edu/~fielding/pubs/dissertation/rest_arch_style.htm},
	note = {eingesehen am 17.11.16}
}

@Misc{open_handset_alliance,
	title = {open handset alliance},
	url = {http://www.openhandsetalliance.com/index.html},
	note = {eingesehen am 06.01.17}
}

@Article{dslHudak,
	Title                    = {Domain-specific languages},
	Author                   = {Hudak, Paul},
	Journal                  = {Handbook of Programming Languages},
	Year                     = {1997},
	
	Number                   = {39-60},
	Pages                    = {21},
	Volume                   = {3},
}

@Misc{dsl,
	title = {DomainSpecificLanguage},
	url = {https://martinfowler.com/bliki/DomainSpecificLanguage.html},
	note = {eingesehen am 24.02.17}
}

@article{abou2015high,
	title={A High-Level Modeling Language for the Efficient Design, Implementation, and Testing of Android Applications},
	author={Abou-Jaoudeh, John and Dak-Al-Bab, Kinan and El-Katerji, Mostafa and Falcone, Yli{\`e}s and Jaber, Mohamad},
	journal={arXiv preprint arXiv:1508.02153},
	year={2015}
}

@Misc{material,
	title = {Material Design},
	url = {https://material.io/guidelines/},
	note = {eingesehen am 28.02.17}
}

@Misc{collapsing,
	title = {CollapsingToolbarLayout},
	url = {https://developer.android.com/reference/android/support/design/widget/CollapsingToolbarLayout.html},
	note = {eingesehen am 28.02.17}
}

@Misc{poet,
	title = {JavaPoet},
	url = {https://github.com/square/javapoet},
	note = {eingesehen am 02.03.17}
}

@Misc{jdk,
	title = {Google confirms next Android version will use Oracleâ€™s open-source OpenJDK for Java APIs},
	url = {http://venturebeat.com/2015/12/29/google-confirms-next-android-version-wont-use-oracles-proprietary-java-apis/},
	note = {eingesehen am 05.03.17}
}